@article{andrienko2017clustering,
  title={Clustering trajectories by relevant parts for air traffic analysis},
  author={Andrienko, Gennady and Andrienko, Natalia and Fuchs, Georg and Garcia, Jose Manuel Cordero},
  journal={IEEE transactions on visualization and computer graphics},
  year={2017},
  publisher={IEEE}
}

@inproceedings{Hong2017Designing,
  title={Designing interactive distance cartograms to support urban travelers},
  author={Hong, Sungsoo and Kocielnik, Rafal and Yoo, Min Joon and Battersby, Sarah and Kim, Null Juho and Aragon, Cecilia},
  booktitle={Pacificvis},
  pages={81-90},
  year={2017},
}

@inproceedings{lhuillier2017ffteb,
  title={FFTEB: Edge bundling of huge graphs by the Fast Fourier Transform},
  author={Lhuillier, Antoine and Hurter, Christophe and Telea, Alexandru},
  booktitle={Pacific Visualization Symposium (PacificVis), 2017 IEEE},
  pages={190--199},
  year={2017},
  organization={IEEE}
}

@article{kim2017data,
  title={Data Flow Analysis and Visualization for Spatiotemporal Statistical Data without Trajectory Information},
  author={Kim, Seokyeon and Jeong, Seongmin and Woo, Insoo and Jang, Yun and Maciejewski, Ross and Ebert, David},
  journal={IEEE Transactions on Visualization and Computer Graphics},
  year={2017},
  publisher={IEEE}
}

@article{ferstl2017time,
  title={Time-Hierarchical Clustering and Visualization of Weather Forecast Ensembles},
  author={Ferstl, Florian and Kanzler, Mathias and Rautenhaus, Marc and Westermann, R{\"u}diger},
  journal={IEEE transactions on visualization and computer graphics},
  volume={23},
  number={1},
  pages={831--840},
  year={2017},
  publisher={IEEE}
}

@article{miranda2017urban,
  title={Urban Pulse: Capturing the Rhythm of Cities},
  author={Miranda, Fabio and Doraiswamy, Harish and Lage, Marcos and Zhao, Kai and Gon{\c{c}}alves, Bruno and Wilson, Luc and Hsieh, Mondrian and Silva, Cl{\'a}udio T},
  journal={IEEE transactions on visualization and computer graphics},
  volume={23},
  number={1},
  pages={791--800},
  year={2017},
  publisher={IEEE}
}

@article{senaratne2017urban,
  title={Urban Mobility Analysis With Mobile Network Data: A Visual Analytics Approach},
  author={Senaratne, Hansi and Mueller, Manuel and Behrisch, Michael and Lalanne, Felipe and Bustos-Jim{\'e}nez, Javier and Schneidewind, J{\"o}rn and Keim, Daniel and Schreck, Tobias},
  journal={IEEE Transactions on Intelligent Transportation Systems},
  year={2017},
  publisher={IEEE}
}

@book{Mahboubi2017Learning,
  title={Learning Traffic Patterns at Small Airports From Flight Tracks},
  author={Mahboubi, Zouhair and Kochenderfer, Mykel J.},
  publisher={IEEE Press},
  year={2017},
}

@article{nguyen2017airspace,
  title={Airspace Collision Risk Hot-Spot Identification using Clustering Models},
  author={Nguyen, Minh-Ha and Alam, Sameer},
  journal={IEEE Transactions on Intelligent Transportation Systems},
  year={2017},
  publisher={IEEE}
}

@article{Ma2016Mobility,
  title={Mobility Viewer: An Eulerian Approach for Studying Urban Crowd Flow},
  author={Ma, Yuxin and Lin, Tao and Cao, Zhendong and Li, Chen and Wang, Fei and Chen, Wei},
  journal={IEEE Transactions on Intelligent Transportation Systems},
  volume={17},
  number={9},
  pages={2627-2636},
  year={2016},
}

@inproceedings{hurter2016cap,
  title={CAP: Collaborative advanced planning, trade-off between airspace management and optimized flight performance: Demonstration of En-Route reduced airspace congestion through collaborative flight planning},
  author={Hurter, Christophe and Brenier, Yohann and Ducas, Jason and Le Guilcher, Estelle},
  booktitle={Digital Avionics Systems Conference (DASC), 2016 IEEE/AIAA 35th},
  pages={1--9},
  year={2016},
  organization={IEEE}
}

@inproceedings{li2016trajectory,
  title={Trajectory compression-guided visualization of spatio-temporal AIS vessel density},
  author={Li, Yan and Liu, Ryan Wen and Liu, Jingxian and Huang, Yu and Hu, Bin and Wang, Kai},
  booktitle={Wireless Communications \& Signal Processing (WCSP), 2016 8th International Conference on},
  pages={1--5},
  year={2016},
  organization={IEEE}
}

@article{johansson2016evaluation,
  title={Evaluation of parallel coordinates: Overview, categorization and guidelines for future research},
  author={Johansson, Jimmy and Forsell, Camilla},
  journal={IEEE Transactions on Visualization and Computer Graphics},
  volume={22},
  number={1},
  pages={579--588},
  year={2016},
  publisher={IEEE}
}

@article{scheepens2016visualization,
  title={Visualization, selection, and analysis of traffic flows},
  author={Scheepens, Roeland and Hurter, Christophe and Van De Wetering, Huub and Van Wijk, Jarke J},
  journal={IEEE transactions on visualization and computer graphics},
  volume={22},
  number={1},
  pages={379--388},
  year={2016},
  publisher={IEEE}
}

@inproceedings{liu2016comparative,
  title={Comparative visualization of vector field ensembles based on longest common subsequence},
  author={Liu, Richen and Guo, Hanqi and Zhang, Jiang and Yuan, Xiaoru},
  booktitle={Pacific Visualization Symposium (PacificVis), 2016 IEEE},
  pages={96--103},
  year={2016},
  organization={IEEE}
}

@inproceedings{krueger2016traveldiff,
  title={TravelDiff: Visual comparison analytics for massive movement patterns derived from twitter},
  author={Krueger, Robert and Sun, Guodao and Beck, Fabian and Liang, Ronghua and Ertl, Thomas},
  booktitle={Pacific Visualization Symposium (PacificVis), 2016 IEEE},
  pages={176--183},
  year={2016},
  organization={IEEE}
}

@article{park2016vertical,
  title={Vertical Trajectory Optimization to Minimize Environmental Impact in the Presence of Wind},
  author={Park, Sang Gyun and Clarke, John-Paul},
  journal={Journal of Aircraft},
  year={2016},
  publisher={American Institute of Aeronautics and Astronautics}
}

@article{li2016webvrgis,
  title={WebVRGIS based traffic analysis and visualization system},
  author={Li, Xiaoming and Lv, Zhihan and Wang, Weixi and Zhang, Baoyun and Hu, Jinxing and Yin, Ling and Feng, Shengzhong},
  journal={Advances in Engineering Software},
  volume={93},
  pages={1--8},
  year={2016},
  publisher={Elsevier}
}

@inproceedings{buchmuller2015visual,
  title={Visual analytics for exploring local impact of air traffic},
  author={Buchm{\"u}ller, Juri and Janetzko, Halld{\'o}r and Andrienko, Gennady and Andrienko, Natalia and Fuchs, Georg and Keim, Daniel A},
  booktitle={Computer Graphics Forum},
  volume={34},
  number={3},
  pages={181--190},
  year={2015},
  organization={Wiley Online Library}
}

@article{chen2015survey,
  title={A survey of traffic data visualization},
  author={Chen, Wei and Guo, Fangzhou and Wang, Fei-Yue},
  journal={IEEE Transactions on Intelligent Transportation Systems},
  volume={16},
  number={6},
  pages={2970--2984},
  year={2015},
  publisher={IEEE}
}

@inproceedings{peysakhovich2015attribute,
  title={Attribute-driven edge bundling for general graphs with applications in trail analysis},
  author={Peysakhovich, Vsevolod and Hurter, Christophe and Telea, Alexandru},
  booktitle={Visualization Symposium (PacificVis), 2015 IEEE Pacific},
  pages={39--46},
  year={2015},
  organization={IEEE}
}

@article{lu2015big,
  title={Big data-driven based real-time traffic flow state identification and prediction},
  author={Lu, Hua-pu and Sun, Zhi-yuan and Qu, Wen-cong},
  journal={Discrete Dynamics in Nature and Society},
  volume={2015},
  year={2015},
  publisher={Hindawi Publishing Corporation}
}

@incollection{andrienko2014visualization,
  title={Visualization of trajectory attributes in space--time cube and trajectory wall},
  author={Andrienko, Gennady and Andrienko, Natalia and Schumann, Heidrun and Tominski, Christian},
  booktitle={Cartography from Pole to Pole},
  pages={157--163},
  year={2014},
  publisher={Springer}
}

@inproceedings{klein2014dynamic,
  title={Dynamic multiscale visualization of flight data},
  author={Klein, Tijmen and Van Der Zwan, Matthew and Telea, Alexandru},
  booktitle={Computer Vision Theory and Applications (VISAPP), 2014 International Conference on},
  volume={1},
  pages={104--114},
  year={2014},
  organization={IEEE}
}

@article{hurter2014interactive,
  title={Interactive image-based information visualization for aircraft trajectory analysis},
  author={Hurter, Christophe and Conversy, St{\'e}phane and Gianazza, David and Telea, AC},
  journal={Transportation Research Part C: Emerging Technologies},
  volume={47},
  pages={207--227},
  year={2014},
  publisher={Elsevier}
}

@article{welsher2014multi,
  title={Multi-resolution 3D visualization of the early stages of cellular uptake of peptide-coated nanoparticles},
  author={Welsher, Kevin and Yang, Haw},
  journal={Nature nanotechnology},
  volume={9},
  number={3},
  pages={198--203},
  year={2014},
  publisher={Nature Research}
}

@inproceedings{bach2014review,
  title={A review of temporal data visualizations based on space-time cube operations},
  author={Bach, Benjamin and Dragicevic, Pierre and Archambault, Daniel and Hurter, Christophe and Carpendale, Sheelagh},
  booktitle={Eurographics conference on visualization},
  year={2014}
}

@article{neal2014devil,
  title={The devil is in the details: Differences in air traffic networks by scale, species, and season},
  author={Neal, Zachary},
  journal={Social networks},
  volume={38},
  pages={63--73},
  year={2014},
  publisher={Elsevier}
}

@inproceedings{buschmann2014real,
  title={Real-time animated visualization of massive air-traffic trajectories},
  author={Buschmann, Stefan and Trapp, Matthias and D{\"o}llner, J{\"u}rgen},
  booktitle={Cyberworlds (CW), 2014 International Conference on},
  pages={174--181},
  year={2014},
  organization={IEEE}
}

@article{doraiswamy2014using,
  title={Using topological analysis to support event-guided exploration in urban data},
  author={Doraiswamy, Harish and Ferreira, Nivan and Damoulas, Theodoros and Freire, Juliana and Silva, Claudio T},
  journal={IEEE transactions on visualization and computer graphics},
  volume={20},
  number={12},
  pages={2634--2643},
  year={2014},
  publisher={IEEE}
}

@inproceedings{wang2014urban,
  title={Urban trajectory timeline visualization},
  author={Wang, Zuchao and Yuan, Xiaoru},
  booktitle={Big Data and Smart Computing (BIGCOMP), 2014 International Conference on},
  pages={13--18},
  year={2014},
  organization={IEEE}
}

@inproceedings{Hong2014Traffigram,
  title={Traffigram:distortion for clarification via isochronal cartography},
  author={Hong, Sungsoo and Kim, Yea Seul and Yoon, Jong Chul and Aragon, Cecilia R.},
  pages={907-916},
  year={2014},
}

@article{arias2013cluster,
  title={Cluster detection in networks using percolation},
  author={Arias-Castro, Ery and Grimmett, Geoffrey R and others},
  journal={Bernoulli},
  volume={19},
  number={2},
  pages={676--719},
  year={2013},
  publisher={Bernoulli Society for Mathematical Statistics and Probability}
}

@article{brehmer2013multi,
  title={A multi-level typology of abstract visualization tasks},
  author={Brehmer, Matthew and Munzner, Tamara},
  journal={IEEE Transactions on Visualization and Computer Graphics},
  volume={19},
  number={12},
  pages={2376--2385},
  year={2013},
  publisher={IEEE}
}

@article{vuckovic2013relative,
  title={Relative position vectors: an alternative approach to conflict detection in air traffic control},
  author={Vuckovic, Anita and Sanderson, Penelope and Neal, Andrew and Gaukrodger, Stephen and Wong, BL William},
  journal={Human factors},
  volume={55},
  number={5},
  pages={946--964},
  year={2013},
  publisher={Sage Publications Sage CA: Los Angeles, CA}
}

@article{andrienko2013scalable,
  title={Scalable analysis of movement data for extracting and exploring significant places},
  author={Andrienko, Gennady and Andrienko, Natalia and Hurter, Christophe and Rinzivillo, Salvatore and Wrobel, Stefan},
  journal={IEEE transactions on visualization and computer graphics},
  volume={19},
  number={7},
  pages={1078--1094},
  year={2013},
  publisher={IEEE}
}

@article{zhou2013edge,
  title={Edge bundling in information visualization},
  author={Zhou, Hong and Xu, Panpan and Yuan, Xiaoru and Qu, Huamin},
  journal={Tsinghua Science and Technology},
  volume={18},
  number={2},
  pages={145--156},
  year={2013},
  publisher={TUP}
}

@article{wang2013visual,
  title={Visual traffic jam analysis based on trajectory data},
  author={Wang, Zuchao and Lu, Min and Yuan, Xiaoru and Zhang, Junping and Van De Wetering, Huub},
  journal={IEEE Transactions on Visualization and Computer Graphics},
  volume={19},
  number={12},
  pages={2159--2168},
  year={2013},
  publisher={IEEE}
}

@inproceedings{tostes2013data,
  title={From data to knowledge: city-wide traffic flows analysis and prediction using bing maps},
  author={Tostes, Anna Izabel J and de LP Duarte-Figueiredo, F{\'a}tima and Assun{\c{c}}{\~a}o, Renato and Salles, Juliana and Loureiro, Antonio AF},
  booktitle={Proceedings of the 2nd ACM SIGKDD International Workshop on Urban Computing},
  pages={12},
  year={2013},
  organization={ACM}
}

@article{liu20122d,
  title={A 2D flow visualization user study using explicit flow synthesis and implicit task design},
  author={Liu, Zhanping and Cai, Shangshu and Swan, J Edward and Moorhead, Robert J and Martin, Joel P and Jankun-Kelly, TJ},
  journal={IEEE Transactions on Visualization and Computer Graphics},
  volume={18},
  number={5},
  pages={783--796},
  year={2012},
  publisher={IEEE}
}

@article{albrecht2012visual,
  title={Visual Analysis of Air Traffic Data Using Aircraft Density and Conflict Probability.},
  author={Albrecht, Georg and Lee, Hak-Tae and Pang, Alex},
  journal={Infotech@ Aerospace},
  volume={2012},
  pages={2},
  year={2012}
}

@article{tominski2012stacking,
  title={Stacking-based visualization of trajectory attribute data},
  author={Tominski, Christian and Schumann, Heidrun and Andrienko, Gennady and Andrienko, Natalia},
  journal={IEEE Transactions on visualization and Computer Graphics},
  volume={18},
  number={12},
  pages={2565--2574},
  year={2012},
  publisher={IEEE}
}

@inproceedings{andrienko2011movement,
  title={From movement tracks through events to places: Extracting and characterizing significant places from mobility data},
  author={Andrienko, Gennady and Andrienko, Natalia and Hurter, Christophe and Rinzivillo, Salvatore and Wrobel, Stefan},
  booktitle={Visual Analytics Science and Technology (VAST), 2011 IEEE Conference on},
  pages={161--170},
  year={2011},
  organization={IEEE}
}

@article{demvsar2010space,
  title={Space--time density of trajectories: exploring spatio-temporal patterns in movement data},
  author={Dem{\v{s}}ar, Ur{\v{s}}ka and Virrantaus, Kirsi},
  journal={International Journal of Geographical Information Science},
  volume={24},
  number={10},
  pages={1527--1542},
  year={2010},
  publisher={Taylor \& Francis}
}

@article{hurter2009fromdady,
  title={Fromdady: Spreading aircraft trajectories across views to support iterative queries},
  author={Hurter, Christophe and Tissoires, Benjamin and Conversy, St{\'e}phane},
  journal={IEEE transactions on visualization and computer graphics},
  volume={15},
  number={6},
  pages={1017--1024},
  year={2009},
  publisher={IEEE}
}

@article{doc20038168,
  title={8168-OPS/611},
  author={Doc, ICAO},
  journal={Procedures for Air Traffic Services-Aircraft Operations, Montreal},
  year={2003}
}

@inproceedings{kraak2003space,
  title={The space-time cube revisited from a geovisualization perspective},
  author={Kraak, Menno-Jan},
  booktitle={Proc. 21st International Cartographic Conference},
  pages={1988--1996},
  year={2003}
}

@inproceedings{hicks2001helix,
  title={A helix metaphor for customer behaviour visualisation},
  author={Hicks, Martin},
  booktitle={Information Visualisation, 2001. Proceedings. Fifth International Conference on},
  pages={22--28},
  year={2001},
  organization={IEEE}
}