@article{Allen2007Integrating,
  title={Integrating planning and transit-orientated development (TOD): A winning combination},
  author={Allen, H.},
  journal={Public Transport International},
  volume={56},
  year={2007},
}

@article{Jie2007Public,
  title={Public transport planning of developing city based on TOD mode},
  author={Jie, Yu and Yang, Xiao Guang and Rui, Yin and Xia, Sheng Guo},
  journal={Journal of Traffic & Transportation Engineering},
  volume={7},
  number={3},
  pages={106-110},
  year={2007},
}

@article{Vera2014PERENCANAAN,
  title={PERENCANAAN KAWASAN TRANSIT ORIENTED DEVELOPMENT (TOD) MENUJU SISTEM TRANSPORTASI BERKELANJUTAN DI STASIUN MONOREL BEKASI TIMUR},
  author={Vera, APRILIA V and Iwan Suharyanto, St., Msc},
  journal={Text},
  year={2014},
}

@article{Lu2005URBAN,
  title={URBAN INTEGRATED TRAFFIC PLANNING WITH ITS RESEARCH SUBJECTS BASED ON TOD},
  author={Lu, Huapu},
  journal={Bulletin of National Science Foundation of China},
  volume={19},
  number={4},
  pages={209-212},
  year={2005},
}

@article{N2004The,
  title={The New Transit Town: Best Practices in Transit-Oriented Development (Book)},
  author={Nº},
  journal={Civil Engineering},
  volume={71},
  number={1},
  pages={111-111},
  year={2004},
}

@article{Cervero2004Transit,
  title={Transit-Oriented Development in the United States:Experiences, Challenges,and Prospects},
  author={Cervero, R and Murphy, S and Ferrell, C and Goguts, N and Tsai, Y H and Arrington, G B and Boroski, J and Smith-Heimer, J and Golem, R and Peninger, P},
  journal={Bmc Research Notes},
  volume={8},
  number={1},
  pages={1-7},
  year={2004},
}

@article{Dennis2002Central,
  title={Central place practice: shopping centre attractiveness measures, hinterland boundaries and the UK retail hierarchy ☆},
  author={Dennis, Charles and Marsland, David and Cockett, Tony},
  journal={Journal of Retailing & Consumer Services},
  volume={9},
  number={4},
  pages={185-199},
  year={2002},
}

@article{Wahlberg2016Small,
  title={Small town centre attractiveness: evidence from Sweden},
  author={Wahlberg, Olof},
  journal={International Journal of Retail & Distribution Management},
  volume={44},
  number={4},
  pages={465-488},
  year={2016},
}


@article{Yao2016Factor,
  title={Factor Analysis of Shopping Center Attractiveness Based on Principal Component Logistic Model},
  author={Yao, Lizhen and Yue, Yang and University, Shenzhen},
  journal={Journal of Geo-Information Science},
  year={2016},
}

@article{Singla2016Investigating,
  title={Investigating the effects of retail agglomeration choice behavior on store attractiveness},
  author={Singla, Vikas and Rai, Harpreet},
  journal={Journal of Marketing Analytics},
  volume={4},
  number={2-3},
  pages={108-124},
  year={2016},
}

@article{Reilly2006Reilly,
  title={Reilly's Rules for Value-Added Selling},
  author={Reilly, Tom},
  journal={Official Board Markets},
  year={2006},
}

@article{Honda1982QUANTITATIVE,
  title={QUANTITATIVE GEOGRAPHIC STUDY OF BUYING BEHAVIOR : Huff's model and it's parameter estimation},
  author={Honda, Masahisa and Ushizawa, Kenji},
  journal={Sanno College Bulletin Department of Management & Informatics},
  volume={2},
  pages={81-104},
  year={1982},
}

@article{Wood2011Visualizing,
  title={Visualizing the Dynamics of London's Bicycle-Hire Scheme},
  author={Wood, Jo and Slingsby, Aidan and Dykes, Jason},
  journal={Cartographica the International Journal for Geographic Information & Geovisualization},
  volume={46},
  number={4},
  pages={239-251},
  year={2011},
}

@article{Zeng2013Visualizing,
  title={Visualizing interchange patterns in massive movement data},
  author={Zeng, Wei and Fu, Chi Wing and Qu, Huamin},
  journal={Computer Graphics Forum},
  volume={32},
  number={3pt3},
  pages={271-280},
  year={2013},
}

@article{Hurk2015Deduction,
  title={Deduction of Passengers' Route Choices From Smart Card Data},
  author={Hurk, Evelien Van Der and Kroon, Leo and Maróti, Gábor and Vervest, Peter},
  journal={IEEE Transactions on Intelligent Transportation Systems},
  volume={16},
  number={1},
  pages={430-440},
  year={2015},
}

@article{Le2015Passenger,
  title={Passenger Segmentation Using Smart Card Data},
  author={Le, Minh Kieu and Bhaskar, Ashish and Chung, Edward},
  journal={IEEE Transactions on Intelligent Transportation Systems},
  volume={16},
  number={3},
  pages={1537-1548},
  year={2015},
}

@article{Ma2016Mobility,
  title={Mobility Viewer: An Eulerian Approach for Studying Urban Crowd Flow},
  author={Ma, Yuxin and Lin, Tao and Cao, Zhendong and Li, Chen and Wang, Fei and Chen, Wei},
  journal={IEEE Transactions on Intelligent Transportation Systems},
  volume={17},
  number={9},
  pages={2627-2636},
  year={2016},
}

@article{Yang2016Exploring,
  title={Exploring Spatial-Temporal Patterns of Urban Human Mobility Hotspots},
  author={Yang, Xiping and Zhao, Zhiyuan and Lu, Shiwei},
  journal={Sustainability},
  volume={8},
  number={7},
  pages={674},
  year={2016},
}

@article{Standart2011Geospatial,
  title={Geospatial visualization of global satellite images with Vis-EROS},
  author={Standart, G. D and Stulken, K. R and Zhang, X and Zong, Z. L},
  journal={Environmental Modelling & Software},
  volume={26},
  number={7},
  pages={980-982},
  year={2011},
}


@inproceedings{Berberich2009Geospatial,
  title={Geospatial visualization using hardware accelerated real-time volume rendering},
  author={Berberich, M and Amburn, P and Moorhead, R and Dyer, J},
  pages={1-5},
  year={2009},
}

@article{Zhang2017A,
  title={A Visual Analysis Method of Urban Public Traffic Network Distribution},
  author={Zhang, Jianqin and Wang, Peng Yu and Mingyi, D. U.},
  journal={Bulletin of Surveying & Mapping},
  year={2017},
}

@misc{2016Multi,
  title={Multi-scale road flow visual analysis method based on taxi GPS data},
  author={Liang, Ronghua and Liu,Chunhui and Tian,Ya and Jiang,Xiaorui and Jia,Wei},
  year={2016},
}













